@Comment{x-kbibtex-personnameformatting=<%f ><%l>}

@InCollection{Allgower.Badgwell.ea:1999:Nonlinear,
	Author = {F. Allg{\"o}wer and T. A. Badgwell and J. S. Qin and J. B. Rawlings and S. J. Wright},
	BookTitle = {Advances in Control},
	Pages = {391--449},
	Publisher = {Springer},
	Title = {Nonlinear Predictive Control and Moving Horizon Estimation -- An Introductory Overview},
	Year = {1999}
}

@Article{Maasoumy.Razmara.ea:2014:Handling,
	Author = {M. Maasoumy and M. Razmara and M. Shahbakhti and A. S. Vincentelli},
	Journal = {Energy and Buildings},
	Pages = {377--392},
	Title = {Handling Model Uncertainty in Model Predictive Control for Energy Efficient Buildings},
	Volume = {77},
	Year = {2014}
}

@Book{Aoki:1967:Optimization,
	Author = {M. Aoki},
	Publisher = {Academic Press},
	Title = {Optimization of Stochastic Systems},
	Year = {1967}
}

@InProceedings{Klenske.Zeilinger.ea:2013:Nonparametric,
	Author = {E. D. Klenske and M. N. Zeilinger and B. Sch{\"o}lkopf and P. Hennig},
	BookTitle = {Annual Allerton Conference on Communication, Control, and Computing},
	DOI = {10.1109/Allerton.2013.6736564},
	Pages = {486--493},
	Title = {Nonparametric Dynamics Estimation for Time Periodic Systems},
	X-month = {Oct},
	Year = {2013}
}

@Article{Audibert.Munos.ea:2009:Exploration,
	Author = {J. Y. Audibert and R. Munos and C. Szepesv{\'a}ri},
	Journal = {Theoretical Computer Science},
	Number = {19},
	Pages = {1876--1902},
	Title = {Exploration-exploitation Tradeoff Using Variance Estimates in Multi-armed Bandits},
	Volume = {410},
	Year = {2009}
}

@Article{Bar-Shalom.Tse:1974:Dual,
	Author = {Y. Bar-Shalom and E. Tse},
	Journal = {IEEE Transactions on Automatic Control},
	Number = {5},
	Pages = {494--500},
	Title = {Dual Effect, Certainty Equivalence, and Separation in Stochastic Sontrol},
	Volume = {19},
	Year = {1974}
}

@Article{Bar-Shalom.Tse:1976:Caution,
	Author = {Y. Bar-Shalom and E. Tse},
	Journal = {Annals of Economic and Social Measurement},
	Number = {3},
	Pages = {323--337},
	Title = {Caution, Probing, and the Value of Information in the Control of Uncertain Systems},
	Volume = {5},
	Year = {1976}
}

@Article{Bar-Shalom:1981:Stochastic,
	Author = {Y. Bar-Shalom},
	Journal = {IEEE Transactions on Automatic Control},
	Number = {5},
	Pages = {1184--1195},
	Title = {Stochastic Dynamic Programming: Caution and Probing},
	Volume = {26},
	Year = {1981}
}

@Book{Bellman:1961:Adaptive,
	Author = {R. E. Bellman},
	Publisher = {Princeton University Press},
	Title = {Adaptive Control Processes: A Guided Tour},
	Year = {1961}
}

@Book{Bertsekas:2005:Dynamic,
	Author = {D. P. Bertsekas},
	Edition = {3rd},
	Publisher = {Athena Scientific},
	Title = {Dynamic Programming and Optimal Control},
	Year = {2005}
}

@InProceedings{Chapelle.Li:2011:Empirical,
	Author = {O. Chapelle and L. Li},
	BookTitle = {{Advances in Neural Information Processing Systems (NIPS)}},
	Pages = {2249--2257},
	Title = {An Empirical Evaluation of Thompson Sampling},
	Year = {2011}
}

@InProceedings{Dearden.Friedman.ea:1999:Model,
	Author = {R. Dearden and N. Friedman and D. Andre},
	BookTitle = {Uncertainty in Artificial Intelligence (UAI)},
	Pages = {150--159},
	Title = {Model Based {B}ayesian Exploration},
	Year = {1999}
}

@InProceedings{Deisenroth.Rasmussen:2011:PILCO,
	Author = {M. P. Deisenroth and C. E. Rasmussen},
	BookTitle = {{International Conference on Machine Learning (ICML)}},
	Pages = {465--472},
	Title = {{PILCO}: A Model-Based and Data-Efficient Approach to Policy Search},
	Year = {2011}
}

@Article{Dreyfus:1964:Some,
	Author = {S. E. Dreyfus},
	Journal = {{Journal of the Society for Industrial \& Applied Mathematics, Series A: Control}},
	Number = {1},
	Pages = {120--134},
	Title = {Some Types of Optimal Control of Stochastic Systems},
	Volume = {2},
	Year = {1964}
}

@PhDThesis{Duff:2002:Optimal,
	Author = {M. O. G. Duff},
	School = {University of Massachusetts, Amherst},
	Title = {Optimal Learning: Computational Procedures for {B}ayes-adaptive {M}arkov Decision Processes},
	Year = {2002}
}

@Article{Feldbaum:1960:Dual,
	Author = {A. A. Fel'dbaum},
	Journal = {Avtomatika i Telemekhanika},
	Pages = {1240--1249, 1453--1464, 3--16, 129--142},
	Title = {Dual Control Theory {I-IV}},
	Volume = {21.9, 21.11, 22.1, 22.2},
	Year = {1960--1961}
}

@Article{Filatov.Unbehauen:2000:Survey,
	Author = {N. M. Filatov and H. Unbehauen},
	Journal = {IEEE Proceedings on Control Theory and Applications},
	Number = {1},
	Pages = {118--128},
	Title = {Survey of Adaptive Dual Control Methods},
	Volume = {147},
	Year = {2000}
}

@Book{Filatov.Unbehauen:2004:Adaptive,
	Author = {N. M. Filatov and H. Unbehauen},
	Publisher = {Springer},
	Title = {Adaptive Dual Control},
	Year = {2004}
}

@Book{Glad.Ljung:2000:Control,
	Author = {T. Glad and L. Ljung},
	Publisher = {Taylor \& Francis},
	Title = {Control Theory: Multivariable and Nonlinear Methods},
	X-isbn = {0-7484-0878-9},
	Year = {2000}
}

@Article{Jacobs.Patchell:1972:Caution,
	Author = {O. L. R. Jacobs and J. W. Patchell},
	Journal = {International Journal of Control},
	Number = {1},
	Pages = {189--199},
	Title = {Caution and Probing in Stochastic Control},
	Volume = {16},
	Year = {1972}
}

@InCollection{Kappen:2011:Optimal,
	Author = {H. J. Kappen},
	BookTitle = {Bayesian Time Series Models},
	Editor = {David Barber and A. Taylan Cemgil and Silvia Chiappa},
	Pages = {363--387},
	Publisher = {Cambridge University Press},
	Title = {Optimal Control Theory and the Linear {B}ellman Equation},
	Year = {2011}
}

@InProceedings{Kolter.Ng:2009:Near-Bayesian,
	Author = {J. Z. Kolter and A. Y. Ng},
	BookTitle = {{International Conference on Machine Learning (ICML)}},
	Pages = {513--520},
	Title = {Near-Bayesian Exploration in Polynomial Time},
	Year = {2009}
}

@Book{Konig:1986:Eigenvalue,
	Author = {H. K{\"o}nig},
	Publisher = {Birkh{\"a}user},
	Title = {Eigenvalue Distribution of Compact Operators},
	Year = {1986}
}

@Article{Macready.Wolpert:1998:Bandit,
	Author = {W. G. Macready and D. H. Wolpert},
	Journal = {IEEE Transactions on Evolutionary Computation},
	Number = {1},
	Pages = {2--22},
	Title = {Bandit Problems and the Exploration/Exploitation Tradeoff},
	Volume = {2},
	Year = {1998}
}

@Article{Mayne:1966:Second-order,
	Author = {D. Q. Mayne},
	Journal = {International Journal of Control},
	Number = {1},
	Pages = {85--95},
	Title = {A Second-order Gradient Method for Determining Optimal Trajectories of Non-linear Discrete-time Systems},
	Volume = {3},
	Year = {1966}
}

@Article{Nguyen.Widrow:1990:Neural,
	Author = {D. H. Nguyen and B. Widrow},
	Journal = {IEEE Control Systems Magazine},
	Number = {3},
	Pages = {18--23},
	Title = {Neural Networks for Self-learning Control Systems},
	Volume = {10},
	Year = {1990}
}

@InProceedings{Poupart.Vlassis.ea:2006:Analytic,
	Author = {P. Poupart and N. Vlassis and J. Hoey and K. Regan},
	BookTitle = {{International Conference on Machine Learning (ICML)}},
	Pages = {679--704},
	Title = {An Analytic Solution to Discrete Bayesian Reinforcement Learning},
	Year = {2006}
}

@InProceedings{Rahimi.Recht:2008:Random,
	Author = {A. Rahimi and B. Recht},
	BookTitle = {Advances in Neural Information Processing Systems (NIPS)},
	Pages = {1177--1184},
	Title = {Random Features for Large-Scale Kernel Machines},
	Year = {2008}
}

@Book{Raiffa.Schlaifer:1961:Applied,
	Author = {H. Raiffa and R. Schlaifer},
	Publisher = {Harvard University},
	Title = {Applied Statistical Decision Theory},
	X-address = {Boston},
	X-series = {Studies in managerial economics},
	Year = {1961}
}

@Article{Robbins.Monro:1951:Stochastic,
	Author = {H. Robbins and S. Monro},
	Journal = {The Annals of Mathematical Statistics},
	Number = {3},
	Pages = {400--407},
	Title = {A Stochastic Approximation Method},
	Volume = {22},
	X-month = {Sep.},
	Year = {1951}
}

@Article{Rumelhart.Hinton.ea:1986:Learning,
	Author = {D. E. Rumelhart and G. E. Hinton and R. J. Williams},
	Journal = {Nature},
	Pages = {533--536},
	Title = {Learning Representations by Back-propagating Errors},
	Volume = {323},
	Year = {1986}
}

@InProceedings{Singhal.Wu:1989:Training,
	Author = {S. Singhal and L. Wu},
	BookTitle = {Advances in Neural Information Processing Systems (NIPS)},
	Pages = {133--140},
	Title = {Training Multilayer Perceptrons with the Extended Kalman Algorithm},
	Year = {1989}
}

@InProceedings{Srinivas.Krause.ea:2010:Gaussian,
	Author = {N. Srinivas and A. Krause and S. Kakade and M. Seeger},
	BookTitle = {{International Conference on Machine Learning (ICML)}},
	Pages = {1015--1022},
	Title = {{G}aussian Process Optimization in the Bandit Setting: No Regret and Experimental Design},
	Year = {2010}
}

@Book{Stein:1999:Interpolation,
	Author = {M. L. Stein},
	Publisher = {Springer},
	Title = {Interpolation of Spatial Data: Some Theory for Kriging},
	Year = {1999}
}

@Article{Sternby:1976:Simple,
	Author = {J. Sternby},
	Journal = {IEEE Transactions on Automatic Control},
	Number = {6},
	Pages = {840--844},
	Title = {A Simple Dual Control Problem with an Analytical Solution},
	Volume = {21},
	Year = {1976}
}

@Article{Thompson:1933:On,
	Author = {W. R. Thompson},
	Journal = {Biometrika},
	Pages = {275--294},
	Title = {On the Likelihood that One Unknown Probability Exceeds Another in View of Two Samples},
	Volume = {25},
	Year = {1933}
}

@Article{Tse.Bar-Shalom.ea:1973:Wide-sense,
	Author = {E. Tse and Y. Bar-Shalom and L. Meier},
	Journal = {IEEE Transactions on Automatic Control},
	Number = {2},
	Pages = {98--108},
	Title = {Wide-sense Adaptive Dual Control for Nonlinear Stochastic Systems},
	Volume = {18},
	Year = {1973}
}

@Article{Tse.Bar-Shalom:1973:Actively,
	Author = {E. Tse and Y. Bar-Shalom},
	Journal = {IEEE Transactions on Automatic Control},
	Number = {2},
	Pages = {109--117},
	Title = {An Actively Adaptive Control for Linear Systems with Random Parameters via the Dual Control Approach},
	Volume = {18},
	Year = {1973}
}

@PhDThesis{Uhlmann:1995:Dynamic,
	Author = {J. Uhlmann},
	School = {University of Oxford},
	Title = {Dynamic Map Building and Localization: New Theoretical Foundations},
	Year = {1995}
}

@InProceedings{Wittenmark:1995:Adaptive,
	Author = {B. Wittenmark},
	BookTitle = {IFAC Symposium on Adaptive Systems in Control and Signal Processing},
	Pages = {67--72},
	Title = {Adaptive Dual Control Methods: An Overview},
	Year = {1995}
}

@Article{Aswani.Gonzalez.ea:2013:Provably,
	Author = {A. Aswani and H. Gonz{\'a}lez and S. S. Sastry and C. Tomlin},
	Journal = {Automatica},
	Number = {5},
	Pages = {1216--1226},
	Title = {Provably Safe and Robust Learning-Based Model Predictive Control},
	Volume = {49},
	Year = {2013}
}

@Book{Barber:2011:Bayesian,
	Author = {D. Barber},
	Publisher = {Cambridge University Press},
	Title = {Bayesian Reasoning and Machine Learning},
	Year = {2011}
}

@Book{Bitmead.Gevers.ea:1990:Adaptive,
	Author = {Robert R. Bitmead and Michel Gevers and Vincent Wertz},
	Publisher = {Prentice Hall},
	Title = {Adaptive Optimal Control: The Thinking Man's GPC},
	X-isbn = {0130132772},
	Year = {1990}
}

@Article{Broyden:1969:new,
	Author = {C. G. Broyden},
	Journal = {Notices of the American Mathematical Society},
	Pages = {670},
	Title = {A New Double-rank Minimization Algorithm},
	Volume = {16},
	Year = {1969}
}

@Article{Campi.Garatti.ea:2009:scenario,
	Author = {M. C. Campi and S. Garatti and M. Prandini},
	Journal = {Annual Reviews in Control},
	Number = {2},
	Pages = {149--157},
	Title = {The Scenario Approach for Systems and Control Design},
	Volume = {33},
	Year = {2009}
}

@Article{Crassidis.Markley:1997:Predictive,
	Author = {J. L. Crassidis and F. L. Markley},
	Journal = {Journal of Guidance, Control, and Dynamics},
	Number = {3},
	Pages = {566--572},
	Title = {Predictive Filtering for Nonlinear Systems},
	Volume = {20},
	Year = {1997}
}

@Misc{Domahidi:2012:FORCES,
	Author = {A. Domahidi},
	HowPublished = {\url{http://forces.ethz.ch}},
	Title = {{FORCES}: Fast Optimization for Real-time Control on Embedded Systems},
	Urldate = {2016-09-28},
	Year = {2012}
}

@Article{Dormand.Prince:1980:family,
	Author = {J. R. Dormand and P. J. Prince},
	Journal = {Journal of Computational and Applied Mathematics},
	Number = {1},
	Pages = {19--26},
	Title = {A Family of Embedded {R}unge-{K}utta Formulae},
	Volume = {6},
	Year = {1980}
}

@InProceedings{Duvenaud.Lloyd.ea:2013:Structure,
	Author = {D. Duvenaud and J. R. Lloyd and R. Grosse and J. B. Tenenbaum and Z. Ghahramani},
	BookTitle = {International Conference on Machine Learning (ICML)},
	Pages = {1166--1174},
	Title = {Structure Discovery in Nonparametric Regression through Compositional Kernel Search},
	Year = {2013}
}

@InProceedings{Erm.Sandrock:2003:Adaptive,
	Author = {T. Erm and S. Sandrock},
	BookTitle = {Large Ground-based Telescopes},
	Pages = {900--909},
	Title = {Adaptive Periodic Error Correction for the {VLT}},
	Year = {2003}
}

@Article{Fletcher:1970:new,
	Author = {R. Fletcher},
	Journal = {The Computer Journal},
	Number = {3},
	Pages = {317--322},
	Title = {A New Approach to Variable Metric Algorithms},
	Volume = {13},
	Year = {1970}
}

@Article{Goldfarb:1970:family,
	Author = {D. Goldfarb},
	Journal = {Mathematics of Computation},
	Number = {109},
	Pages = {23--26},
	Title = {A Family of Variable Metric Updates Derived by Variational Means},
	Volume = {24},
	Year = {1970}
}

@Misc{Grant.Boyd:2014:CVX,
	Author = {M. Grant and S. Boyd},
	HowPublished = {\url{http://cvxr.com/cvx}},
	Title = {{CVX}: Matlab Software for Disciplined Convex Programming, Version 2.1},
	Urldate = {2016-09-28},
	Year = {2014}
}

@Misc{IBM:2016:CPLEX,
	Author = {IBM},
	HowPublished = {\url{http://www.ibm.com/software/integration/optimization/cplex-optimizer/}},
	Title = {ILOG CPLEX Optimizer},
	Urldate = {2016-09-28},
	Year = {2016}
}

@InProceedings{Hall.Rasmussen.ea:2012:Modelling,
	Author = {J. Hall and C. E. Rasmussen and J. M. Maciejowski},
	BookTitle = {IEEE Conference on Decision and Control (CDC)},
	Pages = {5266--5271},
	Title = {Modelling and Control of Nonlinear Systems Using {G}aussian Processes with Partial Model Information},
	Year = {2012}
}

@InProceedings{Klenske.Hennig.ea:2016:Approximate,
	Author = {E. D. Klenske and P. Hennig and B. Sch{\"o}lkopf and M. N. Zeilinger},
	BookTitle = {European Control Conference (ECC)},
	DOI = {10.1109/ECC.2016.7810387},
	Pages = {800--806},
	Title = {Approximate Dual Control Maintaining the Value of Information with an Application to Building Control},
	X-month = {Jun},
	Year = {2016}
}

@Article{Ko.Fox:2009:GP-BayesFilters,
	Author = {J. Ko and D. Fox},
	Journal = {Autonomous Robots},
	Number = {1},
	Pages = {75--90},
	Title = {GP-BayesFilters: Bayesian Filtering Using {G}aussian Process Prediction and Observation Models},
	Volume = {27},
	Year = {2009}
}

@InProceedings{Kocijan.Murray-Smith.ea:2004:Gaussian,
	Author = {J. Kocijan and R. Murray-Smith and C. E. Rasmussen and Agathe Girard},
	BookTitle = {American Control Conference (ACC)},
	Pages = {2214--2219},
	Title = {{G}aussian Process Model Based Predictive Control},
	Year = {2004}
}

@InCollection{Kouvaritakis.Cannon:2014:Stochastic,
	Author = {B. Kouvaritakis and M. Cannon},
	BookTitle = {Encyclopedia of Systems and Control},
	Pages = {1--9},
	Publisher = {Springer},
	Title = {Stochastic Model Predictive Control},
	X-doi = {10.1007/978-1-4471-5102-9\_7-1},
	X-editor = {John Baillieul and Tariq Samad},
	Year = {2014}
}

@InProceedings{Limon.Alamo.ea:2012:MPC,
	Author = {D. Limon and T. Alamo and D. {Mu{\~n}oz de la Pe{\~n}a} and M. N. Zeilinger and C. N. Jones and M. Pereira},
	BookTitle = {IFAC Nonlinear Model Predictive Control Conference},
	Pages = {490--495},
	Title = {{MPC} for Tracking Periodic Reference Signals},
	Year = {2012}
}

@Article{MacKay:1998:Introduction,
	Author = {D. J. C. MacKay},
	Journal = {NATO ASI Series F Computer and Systems Sciences},
	Pages = {133--166},
	Title = {Introduction to {G}aussian Processes},
	Volume = {168},
	Year = {1998}
}

@Article{MacKay:1999:Comparison,
	Author = {D. J. C. MacKay},
	Journal = {Neural Computation},
	Number = {5},
	Pages = {1035--1068},
	Title = {Comparison of Approximate Methods for Handling Hyperparameters},
	Volume = {11},
	Year = {1999}
}

@InProceedings{Maciejowski.Yang:2013:Fault,
	Author = {J. M. Maciejowski and X. Yang},
	BookTitle = {Conference on Control and Fault-Tolerant Systems},
	Pages = {1--12},
	Title = {Fault Tolerant Control Using {G}aussian Processes and Model Predictive Control},
	X-doi = {10.1109/SysTol.2013.6693820},
	Year = {2013}
}

@Article{Mayne:2014:Model,
	Author = {D. Q. Mayne},
	Journal = {Automatica},
	Number = {12},
	Pages = {2967--2986},
	Title = {Model Predictive Control: Recent Developments and Future Promises},
	Volume = {50},
	X-doi = {10.1016/j.automatica.2014.10.128},
	Year = {2014}
}

@Article{Micchelli.Xu.ea:2006:Universal,
	Author = {C. A. Micchelli and Y. Xu and H. Zhang},
	Journal = {Journal of Machine Learning Research},
	Pages = {2651--2667},
	Title = {Universal Kernels},
	Volume = {7},
	Year = {2006}
}

@InProceedings{Ono.Williams:2008:Iterative,
	Author = {M. Ono and B. C. Williams},
	BookTitle = {IEEE Conference on Decision and Control (CDC)},
	Pages = {3427--3432},
	Title = {Iterative Risk Allocation: A New Approach to Robust Model Predictive Control with a Joint Chance Constraint},
	X-doi = {10.1109/CDC.2008.4739221},
	Year = {2008}
}

@Article{Pillonetto.Dinuzzo.ea:2014:Kernel,
	Author = {G. Pillonetto and F. Dinuzzo and T. Chen and G. De~Nicolao and L. Ljung},
	Journal = {Automatica},
	Number = {3},
	Pages = {657--682},
	Title = {Kernel Methods in System Identification, Machine Learning and Function Estimation: A Survey},
	Volume = {50},
	Year = {2014}
}

@Book{Rawlings.Mayne:2009:Model,
	Author = {J. B. Rawlings and D. Q. Mayne},
	Publisher = {Nob Hill Publishing},
	Title = {Model Predictive Control: Theory and Design},
	Year = {2009}
}

@Article{Schildbach.Fagiano.ea:2014:Scenario,
	Author = {G. Schildbach and L. Fagiano and C. Frei and M. Morari},
	Journal = {Automatica},
	Number = {12},
	Pages = {3009--3018},
	Title = {The Scenario Approach for Stochastic Model Predictive Control with Bounds on Closed-Loop Constraint Violations},
	Volume = {50},
	Year = {2014}
}

@Article{Schwarm.Nikolaou:1999:Chance-constrained,
	Author = {A. T. Schwarm and Michael Nikolaou},
	Journal = {AIChE Journal},
	Number = {8},
	Pages = {1743--1752},
	Title = {Chance-constrained Model Predictive Control},
	Volume = {45},
	X-doi = {10.1002/aic.690450811},
	Year = {1999}
}

@Article{Shanno:1970:Conditioning,
	Author = {D. F. Shanno},
	Journal = {Mathematics of Computation},
	Number = {111},
	Pages = {647--656},
	Title = {Conditioning of Quasi-{N}ewton Methods for Function Minimization},
	Volume = {24},
	Year = {1970}
}

@Article{Steinwart:2002:On,
	Author = {I. Steinwart},
	Journal = {Journal of Machine Learning Research},
	Pages = {67--93},
	Title = {On the Influence of the Kernel on the Consistency of Support Vector Machines},
	Volume = {2},
	Year = {2002}
}

@InProceedings{Tanaskovic.Fagiano.ea:2013:Adaptive,
	Author = {M. Tanaskovic and L. Fagiano and R. Smith and P. J. Goulart and M. Morari},
	BookTitle = {European Control Conference (ECC)},
	Pages = {382--387},
	Title = {Adaptive Model Predictive Control for Constrained Linear Systems},
	Year = {2013}
}

@Article{Thompson.Neal:2010:Slice,
	Author = {M. B. Thompson and R. M. Neal},
	Journal = {preprint at arXiv:1011.4722},
	Title = {Slice Sampling with Adaptive Multivariate Steps: The Shrinking-Rank Method},
	Year = {2010}
}

@Book{Wasserman:2010:All,
	Author = {L. Wasserman},
	Publisher = {Springer},
	Title = {All of Statistics: A Concise Course in Statistical Inference},
	Year = {2010}
}

@InProceedings{Yuen.Novotny.ea:2008:Quasiperiodic,
	Author = {S. G. Yuen and P. M. Novotny and R. D. Howe},
	BookTitle = {IEEE International Conference on Robotics and Automation},
	Pages = {3875--3880},
	Title = {Quasiperiodic Predictive Filtering for Robot-assisted Beating Heart Surgery},
	Year = {2008}
}

@Article{van-der-Vaart.van-Zanten:2008:Rates,
	Author = {A. W. {van der Vaart} and J. H. {van Zanten}},
	Journal = {The Annals of Statistics},
	Number = {3},
	Pages = {1435--1463},
	Title = {Rates of Contraction of Posterior Distributions Based on {G}aussian Process Priors},
	Volume = {36},
	Year = {2008}
}

@Article{van-der-Vaart.van-Zanten:2011:Information,
	Author = {A. W. {van der Vaart} and J. H. {van Zanten}},
	Journal = {Journal of Machine Learning Research},
	Pages = {2095--2119},
	Title = {Information Rates of Nonparametric {G}aussian Process Methods},
	Volume = {12},
	Year = {2011}
}

@InCollection{Diehl.Ferreau.ea:2009:Efficient,
	Author = {M. Diehl and H. J. Ferreau and N. Haverbeke},
	BookTitle = {Nonlinear Model Predictive Control},
	Pages = {391--417},
	Publisher = {Springer},
	Title = {Efficient Numerical Methods for Nonlinear {MPC} and Moving Horizon Estimation},
	Year = {2009}
}

@InProceedings{Hennig:2011:Optimal,
	Author = {P. Hennig},
	BookTitle = {{Advances in Neural Information Processing Systems (NIPS)}},
	Pages = {325--333},
	Title = {Optimal Reinforcement Learning for {G}aussian Systems},
	Year = {2011}
}

@Book{Rasmussen.Williams:2006:Gaussian,
	Author = {C. E. Rasmussen and C. K. I. Williams},
	Publisher = {MIT Press},
	Title = {{G}aussian Processes for Machine Learning},
	Year = {2006}
}

@Book{Sarkka:2013:Bayesian,
	Author = {S. S{\"a}rkk{\"a}},
	Publisher = {Cambridge University Press},
	Title = {Bayesian Filtering and Smoothing},
	Year = {2013}
}

@Book{Kumar.Varaiya:1986:Stochastic,
	Author = {P. R. Kumar and P. Varaiya},
	Publisher = {Prentice Hall},
	Title = {Stochastic Systems: Estimation, Identification and Adaptive Control},
	X-address = {NJ, USA},
	Year = {1986}
}

@Article{Klenske.Hennig:2015:Dual,
	Author = {E. D. Klenske and P. Hennig},
	Editor = {Manfred Opper},
	Journal = {Journal of Machine Learning Research},
	Number = {127},
	Pages = {1--30},
	Title = {Dual Control for Approximate Bayesian Reinforcement Learning},
	URL = {http://jmlr.org/papers/v17/15-162.html},
	Volume = {17},
	Year = {2016}
}

@TechReport{IEA:2008:Energy,
	Author = {Jens Lausten},
	Institution = {International Energy Agency},
	Title = {Energy Efficiency Requirements In Building Codes, Energy Efficiency Policies For New Buildings},
	Year = {2008}
}

@InProceedings{Gwerder.Todtli:2005:Predictive,
	Author = {M. Gwerder and J. T{\"o}dtli},
	BookTitle = {REHVA World Congress for Building Technologies},
	Title = {Predictive Control for Integrated Room Automation},
	Year = {2005}
}

@InProceedings{Gondhalekar.Oldewurtel.ea:2010:Least-restrictive,
	Author = {R. Gondhalekar and F. Oldewurtel and C. N. Jones},
	BookTitle = {IEEE Conference on Decision and Control (CDC)},
	Pages = {5257--5263},
	Title = {Least-restrictive Robust {MPC} of Periodic Affine Systems With Application to Building Climate Control},
	Year = {2010}
}

@Article{Ma.Matusko.ea:2015:Stochastic,
	Author = {Y. Ma and J. Matusko and F. Borrelli},
	Journal = {IEEE Transactions on Control Systems Technology},
	Number = {1},
	Pages = {101--116},
	Title = {Stochastic Model Predictive Control for Building HVAC Systems: Complexity and Conservatism},
	Volume = {23},
	Year = {2015}
}

@Article{Aswani.Master.ea:2012:Reducing,
	Author = {A. Aswani and N. Master and J. Taneja and D. Culler and C. Tomlin},
	Journal = {Proceedings of the IEEE},
	Number = {1},
	Pages = {240--253},
	Title = {Reducing Transient and Steady State Electricity Consumption in HVAC Using Learning-Based Model-Predictive Control},
	Volume = {100},
	Year = {2012}
}

@InProceedings{Oldewurtel.Parisio.ea:2010:Energy,
	Author = {F. Oldewurtel and A. Parisio and C. N. Jones and M. Morari and D. Gyalistras and M. Gwerder and V. Stauch and B. Lehmann and K. Wirth},
	BookTitle = {American Control Conference (ACC)},
	Pages = {5100--5105},
	Title = {Energy Efficient Building Climate Control Using Stochastic Model Predictive Control and Weather Predictions},
	Year = {2010}
}

@Book{Astrom.Wittenmark:1994:Adaptive,
	Author = {K. J. {\AA}str{\"o}m and B. Wittenmark},
	Publisher = {Addison-Wesley},
	Title = {Adaptive Control},
	Year = {1994}
}

@InProceedings{Cheng.Haghighat.ea:2015:Robust,
	Author = {Y. Cheng and S. Haghighat and S. {Di Cairano}},
	BookTitle = {American Control Conference (ACC)},
	Pages = {3862--3867},
	Title = {Robust Dual Control {MPC} with Application to Soft-landing Control},
	Year = {2015}
}

@InProceedings{Zacekova.Privara.ea:2013:Dual,
	Author = {E. Zacekova and S. Privara and Z. Vana and J. Cigler and L. Ferkl},
	BookTitle = {European Control Conference (ECC)},
	Pages = {1398--1403},
	Title = {Dual Control Approach for Zone Model Predictive Control},
	Year = {2013}
}

@PhDThesis{Larsson:2014:Application-oriented,
	Author = {C. A. Larsson},
	School = {KTH Royal Institute of Technology},
	Title = {Application-oriented Experiment Design for Industrial Model Predictive Control},
	Year = {2014}
}

@InProceedings{Rathousky.Havlena:2011:MPC-Based,
	Author = {J. Rathousk{\'y} and V. Havlena},
	BookTitle = {International Conference on Process Control},
	Pages = {247--252},
	Title = {{MPC}-Based Approximation of Dual Control by Information Maximization},
	X-address = {Tatransk{\'a} Lomnica, Slovakia},
	Year = {2011}
}

@Article{Genceli.Nikolaou:1996:New,
	Author = {H. Genceli and M. Nikolaou},
	Journal = {AIChE Journal},
	Number = {10},
	Pages = {2857--2868},
	Title = {New Approach to Constrained Predictive Control with Simultaneous Model Identification},
	Volume = {42},
	Year = {1996}
}

@Article{Marafioti.Bitmead.ea:2014:Persistently,
	Author = {G. Marafioti and R. R. Bitmead and M. Hovd},
	Journal = {International Journal of Adaptive Control and Signal Processing},
	Number = {6},
	Pages = {536--552},
	Title = {Persistently Exciting Model Predictive Control},
	Volume = {28},
	Year = {2014}
}

@Article{Hochbruck.Ostermann:2010:Exponential,
	Author = {M. Hochbruck and A. Ostermann},
	Journal = {Acta Numerica},
	Pages = {209--286},
	Title = {Exponential Integrators},
	Volume = {19},
	Year = {2010}
}

@Book{Astrom:1970:Introduction,
	Author = {K. J. {\AA}str{\"o}m},
	Publisher = {Academic Press},
	Title = {Introduction to Stochastic Control Theory},
	Year = {1970}
}

@InProceedings{Hughes.Jacobs:1974:Turn-off,
	Author = {D. J. Hughes and O. L. R. Jacobs},
	BookTitle = {IFAC Symposium on Adaptive Control},
	Title = {Turn-off, Escape and Probing in Nonlinear Stochastic Control},
	X-address = {Budapest, Hungary},
	Year = {1974}
}

@Book{Bellman:1957:Dynamic,
	Author = {R. E. Bellman},
	Publisher = {Princeton University Press},
	Title = {Dynamic Programming},
	Year = {1957}
}

@Book{Nocedal.Wright:2006:Numerical,
	Author = {J. Nocedal and S. J. Wright},
	Edition = {2nd},
	Publisher = {Springer},
	Title = {Numerical Optimization},
	X-address = {New York},
	Year = {2006}
}

@Article{Calafiore.Campi:2006:Scenario,
	Author = {G. C. Calafiore and M. C. Campi},
	Journal = {IEEE Transactions on Automatic Control},
	Number = {5},
	Pages = {742--753},
	Title = {The Scenario Approach to Robust Control Design},
	Volume = {51},
	Year = {2006}
}

@Article{McKay.Beckman.ea:1979:Comparison,
	Author = {M. D. Mc{K}ay and R. J. Beckman and W. J. Conover},
	Journal = {Technometrics},
	Number = {2},
	Pages = {239--245},
	Title = {A Comparison of Three Methods for Selecting Values of Input Variables in the Analysis of Output from a Computer Code},
	Volume = {21},
	Year = {1979}
}

@Book{Ljung:1999:System,
	Author = {L. Ljung},
	Edition = {2nd},
	Publisher = {Prentice Hall},
	Title = {System Identification: Theory for the User},
	X-isbn = {0-13-656695-2},
	Year = {1999}
}

@Article{Ljung:2010:Perspectives,
	Author = {L. Ljung},
	Journal = {Annual Reviews in Control},
	Number = {1},
	Pages = {1--12},
	Title = {Perspectives on System Identification},
	Volume = {34},
	Year = {2010}
}

@Article{Maxwell:1867:Governors,
	Author = {J. Clerk Maxwell},
	Journal = {Proceedings of the Royal Society of London},
	Pages = {270--283},
	Title = {On Governors},
	Volume = {16},
	X-doi = {10.1098/rspl.1867.0055},
	Year = {1867}
}

@Article{Klenske.ea:2016:Gaussian,
	Author = {E. D. Klenske and M. N. Zeilinger and B. Sch{\"o}lkopf and P. Hennig},
	DOI = {10.1109/TCST.2015.2420629},
	Journal = {IEEE Transactions on Control Systems Technology},
	Number = {1},
	Pages = {110--121},
	Title = {{G}aussian Process-Based Predictive Control for Periodic Error Correction},
	Volume = {24},
	X-issn = {1063-6536},
	X-month = {Jan},
	Year = {2016}
}

@Article{Bemporad.Morari.ea:2002:Explicit,
	Author = {A. Bemporad and M. Morari and V. Dua and E. N. Pistikopoulos},
	Journal = {Automatica},
	Number = {1},
	Pages = {3--20},
	Title = {The Explicit Linear Quadratic Regulator for Constrained Systems},
	Volume = {38},
	Year = {2002}
}

@Article{Leblanc:1922:Electrification,
	Author = {Maurice Leblanc},
	Journal = {Revue g{\'e}n{\'e}rale de l{\rq}{\'e}lectricit{\'e}},
	Pages = {275--277},
	Title = {Sur l{\rq}{\'e}lectrification des chemins de fer au moyen de courants alternatifs de fr{\'e}quence {\'e}lev{\'e}e},
	Volume = {12},
	Year = {1922}
}

@Book{Ariyur.Krstic:2003:Real,
	Author = {K. B. Ariyur and Miroslav Krsti{\'c}},
	Publisher = {Wiley},
	Title = {Real-time Optimization by Extremum-Seeking Control},
	Year = {2003}
}

@Book{Sastry.Bodson:2011:Adaptive,
	Author = {Shankar Sastry and Marc Bodson},
	Publisher = {Courier Corporation},
	Title = {Adaptive Control: Stability, Convergence and Robustness},
	Year = {2011}
}

@Article{Leith.Leithead:2000:Survey,
	Author = {Douglas J Leith and William E Leithead},
	Journal = {International journal of control},
	Number = {11},
	Pages = {1001--1025},
	Title = {Survey of Gain-scheduling Analysis and Design},
	Volume = {73},
	Year = {2000}
}

@Article{Landau:1974:Survey,
	Author = {I. D. Landau},
	Journal = {Automatica},
	Number = {4},
	Pages = {353--379},
	Title = {A Survey of Model Reference Adaptive Techniques--Theory and Applications},
	Volume = {10},
	Year = {1974}
}

@Article{Astrom.Wittenmark:1973:Self,
	Author = {Karl Johan {\AA}str{\"o}m and Bj{\"o}rn Wittenmark},
	Journal = {Automatica},
	Number = {2},
	Pages = {185--199},
	Title = {On Self-tuning Regulators},
	Volume = {9},
	Year = {1973}
}

@Book{Zhou.Doyle:1998:Essentials,
	Author = {Kemin Zhou and John Comstock Doyle},
	Publisher = {Prentice Hall},
	Title = {Essentials of Robust Control},
	Year = {1998}
}

@Article{Lazaro.ea:2010:Sparse,
	Author = {Miguel L{\'a}zaro-Gredilla and Joaquin Qui{\~n}onero-Candela and Carl Edward Rasmussen and An{\'i}bal R Figueiras-Vidal},
	Journal = {Journal of Machine Learning Research},
	Pages = {1865--1881},
	Title = {Sparse Spectrum {G}aussian Process Regression},
	Volume = {11},
	Year = {2010}
}

@Article{Benoit:1924:Note,
	Author = {Beno{\^i}t},
	Journal = {Bulletin G{\'e}od{\'e}sique},
	Pages = {67--77},
	Title = {Note sur une M{\'e}thode... (Proc{\'e}d{\'e} du Commandant Cholesky)},
	Volume = {2},
	Year = {1924}
}

@Book{Bishop:2006:Pattern,
	Author = {Christopher M. Bishop},
	Publisher = {Springer},
	Title = {Pattern Recognition and Machine Learning},
	X-isbn = {0387310738},
	Year = {2006}
}

@Book{Scholkopf.Smola:2002:Learning,
	Author = {B. Sch{\"o}lkopf and A. J. Smola},
	Publisher = {MIT Press},
	Title = {Learning with Kernels: Support Vector Machines, Regularization, Optimization, and Beyond},
	X-address = {Cambridge, MA, USA},
	X-series = {Adaptive Computation and Machine Learning},
	Year = {2002}
}

@Article{Schur:1911:Bemerkungen,
	Author = {J. Schur},
	Journal = {Journal f{\"u}r die Reine und Angewandte Mathematik},
	Pages = {1--28},
	Title = {Bemerkungen zur Theorie der Beschr{\"a}nkten Bilinearformen mit Unendlich Vielen Ver{\"a}nderlichen},
	Volume = {140},
	Year = {1911}
}

@PhDThesis{Duvenaud:2014:Automatic,
	Author = {David Duvenaud},
	School = {University of Cambridge},
	Title = {Automatic Model Construction with {G}aussian Processes},
	Year = {2014}
}

@InProceedings{Lawrence.ea:2003:Fast,
	Author = {Neil D. Lawrence and Matthias Seeger and Ralf Herbrich},
	BookTitle = {Advances in Neural Information Processing Systems (NIPS)},
	Pages = {609--616},
	Title = {Fast Sparse {G}aussian Process Methods: The Informative Vector Machine},
	Year = {2003}
}

@Book{Oppenheim.ea:1999:Discrete,
	Author = {A. V. Oppenheim and R. W. Schafer and J. R. Buck},
	Publisher = {Prentice Hall},
	Title = {Discrete-time Signal Processing},
	X-isbn = {9780137549207},
	Year = {1999}
}

@InCollection{Gauss:1866:Theoria,
	Author = {C. F. Gauss},
	BookTitle = {Werke},
	Pages = {265--330},
	Publisher = {K{\"o}nigliche Gesellschaft der Wissenschaften, G{\"o}ttingen},
	Title = {Nachlass: Theoria Interpolationis Methodo Nova Tractata},
	Volume = {3},
	Year = {1866}
}

@Article{Cooley.Tukey:1965:Algorithm,
	Author = {J. W. Cooley and J. W. Tukey},
	Journal = {Mathematics of Computation},
	Pages = {297--301},
	Title = {An Algorithm for the Machine Calculation of Complex {F}ourier Series},
	Volume = {19},
	X-doi = {10.2307/2003354},
	Year = {1965}
}

@Book{Astrom.Hagglund:1995:Theory,
	Author = {Karl J {\AA}str{\"o}m and T H{\"a}gglund},
	Publisher = {Instrumentation, Systems and Automatic Society},
	Title = {PID Controllers: Theory, Design and Tuning},
	Year = {1995}
}

@Article{Huber:1964:Robust,
	Author = {Peter J Huber},
	Journal = {The Annals of Mathematical Statistics},
	Number = {1},
	Pages = {73--101},
	Title = {Robust Estimation of a Location Parameter},
	Volume = {35},
	Year = {1964}
}

@Misc{Guennebaud.Jacobs.ea:2010:Eigen,
	Author = {Ga{\"e}l Guennebaud and Beno{\^i}t Jacob and others},
	HowPublished = {\url{http://eigen.tuxfamily.org}},
	Title = {Eigen v3},
	Urldate = {2016-09-28},
	Year = {2010}
}

@TechReport{Simonetti:2004:Measuring,
	Author = {J. H. Simonetti},
	Title = {Measuring the Signal to Noise Ratio of the {CCD} Image of a Star or Nebula},
	Year = {2004}
}

@Misc{Stark.ea:2016:PHD2,
	Author = {Craig Stark and Bret McKee and Andy Galasso and others},
	HowPublished = {\url{http://openphdguiding.org}},
	Title = {PHD2 Guiding},
	Urldate = {2016-09-28},
	Year = {2016}
}

@Book{Friedland:2005:Control,
	Author = {Bernard Friedland},
	Publisher = {Dover},
	Title = {Control System Design: An Introduction to State-space Methods},
	Year = {2005}
}

@Book{Franklin.ea:2010:Feedback,
	Author = {Gene F Franklin and J David Powell and Abbas Emami-Naeini},
	Edition = {6th},
	Publisher = {Pearson},
	Title = {Feedback Control of Dynamic Systems},
	Year = {2010}
}

@Book{Ogata:2010:Modern,
	Author = {Katsuhiko Ogata},
	Publisher = {Prentice Hall},
	Title = {Modern Control Engineering},
	Year = {2010}
}

@Book{Ogata:1995:Discrete,
	Author = {Katsuhiko Ogata},
	Publisher = {Prentice Hall},
	Title = {Discrete-time Control Systems},
	Year = {1995}
}

@Article{Laub:1979:Schur,
	Author = {Alan Laub},
	Journal = {IEEE Transactions on Automatic Control},
	Number = {6},
	Pages = {913--921},
	Title = {A Schur Method for Solving Algebraic {R}iccati Equations},
	Volume = {24},
	X-doi = {10.1109/TAC.1979.1102178},
	X-month = {Dec},
	Year = {1979}
}

@Article{Kalman:1960:New,
	Author = {Rudolph Emil K{\'a}lm{\'a}n},
	Journal = {Journal of Basic Engineering},
	Number = {1},
	Pages = {35--45},
	Title = {A New Approach to Linear Filtering and Prediction Problems},
	Volume = {82},
	Year = {1960}
}

@Book{Kouvaritakis.Cannon:2001:Non,
	Author = {Basil Kouvaritakis and Mark Cannon},
	Publisher = {Institution of Engineering and Technology},
	Title = {Non-linear Predictive Control: Theory and Practice},
	Year = {2001}
}

@Book{Maciejowski:2002:Predictive,
	Author = {Jan Marian Maciejowski},
	Publisher = {Pearson},
	Title = {Predictive Control with Constraints},
	Year = {2002}
}

@Book{Rossiter:2003:Model,
	Author = {J Anthony Rossiter},
	Publisher = {CRC Press},
	Title = {Model-based Predictive Control: A Practical Approach},
	Year = {2003}
}

@Book{Boyd.Vandenberghe:2004:Convex,
	Author = {Stephen Boyd and Lieven Vandenberghe},
	Publisher = {Cambridge University Press},
	Title = {Convex Optimization},
	Year = {2004}
}

@InProceedings{Oldewurtel:2010:Reducing,
	Author = {Frauke Oldewurtel and Andreas Ulbig and Alessandra Parisio and G{\"o}ran Andersson and Manfred Morari},
	BookTitle = {IEEE Conference on Decision and Control (CDC)},
	Pages = {1927--1932},
	Title = {Reducing Peak Electricity Demand in Building Climate Control Using Real-time Pricing and Model Predictive Control},
	Year = {2010}
}

@Article{Diehl.ea:2005:Real,
	Author = {Moritz Diehl and Hans Georg Bock and Johannes P Schl{\"o}der},
	Journal = {SIAM Journal on control and optimization},
	Number = {5},
	Pages = {1714--1736},
	Title = {A Real-time Iteration Scheme for Nonlinear Optimization in Optimal Feedback Control},
	Volume = {43},
	Year = {2005}
}

@Article{Dantzig:2002:Linear,
	Author = {George B Dantzig},
	Journal = {Operations Research},
	Number = {1},
	Pages = {42--47},
	Title = {Linear Programming},
	Volume = {50},
	Year = {2002}
}

@InProceedings{Todorov.Li:2005:Generalized,
	Author = {Emanuel Todorov and Weiwei Li},
	BookTitle = {American Control Conference (ACC)},
	Pages = {300--306},
	Title = {A Generalized Iterative LQG Method for Locally-optimal Feedback Control of Constrained Nonlinear Stochastic Systems},
	Year = {2005}
}

@Book{Jacobson.Mayne:1970:Differential,
	Author = {David Jacobson and David Mayne},
	Publisher = {Elsevier},
	Title = {Differential Dynamic Programming},
	Year = {1970}
}

@Article{Taylor.McSharry:2007:Short,
	Author = {James W Taylor and Patrick E Mc{S}harry},
	Journal = {IEEE Transactions on Power Systems},
	Number = {4},
	Pages = {2213--2219},
	Title = {Short-term Load Forecasting Methods: An Evaluation Based on European Data},
	Volume = {22},
	Year = {2007}
}

@Misc{Vanderbei:2012:LaPalma,
	Author = {Robert J. Vanderbei and others},
	HowPublished = {\url{https://www.princeton.edu/~rvdb/images/other/LaPalma.html}},
	Title = {Roque de los {M}uchachos {O}bservatory},
	Urldate = {2016-09-28},
	Year = {2012}
}

@Book{Vanderbei:2014:Linear,
	Author = {Robert J Vanderbei},
	Publisher = {Springer},
	Title = {Linear Programming},
	Year = {2014}
}

@Book{Allen:2000:Allen,
	Author = {Clabon Walter Allen and Arthur N Cox},
	Publisher = {Springer},
	Title = {Allen's Astrophysical Quantities},
	Year = {2000}
}

@Article{Albrecht:1989:Design,
	Author = {Richard E Albrecht},
	Journal = {Sky and Telescope},
	Pages = {210},
	Title = {The Design of Telescope Structures},
	Volume = {77},
	Year = {1989}
}

@TechReport{Beish:2001:Design,
	Author = {Jeff Beish},
	Institution = {Defense Technical Information Center},
	Title = {Design a German Equatorial Mount for the Planetary Telescope},
	Year = {2001}
}

@Book{Parker:2007:Making,
	Author = {Greg Parker},
	Publisher = {Springer},
	Title = {Making Beautiful Deep-sky Images: Astrophotography with Affordable Equipment and Software},
	Year = {2007}
}

@InProceedings{Hogg.ea:2008:Automated,
	Author = {D. W. {Hogg} and M. {Blanton} and D. {Lang} and K. {Mierle} and S. {Roweis}},
	BookTitle = {Astronomical Data Analysis Software and Systems},
	Pages = {27--34},
	Title = {Automated Astrometry},
	X-series = {Astronomical Society of the Pacific Conference Series},
	X-x-editor = {R. W. {Argyle} and P. S. {Bunclark} and J. R. {Lewis}},
	Year = {2008}
}

@Article{Dayan.Sejnowski:1996:Exploration,
	Author = {Peter Dayan and Terrence J Sejnowski},
	Journal = {Machine Learning},
	Number = {1},
	Pages = {5--22},
	Title = {Exploration Bonuses and Dual Control},
	Volume = {25},
	Year = {1996}
}

@Book{Bazaraa:2013:Nonlinear,
	Author = {Mokhtar S Bazaraa and Hanif D Sherali and Chitharanjan M Shetty},
	Edition = {3rd},
	Publisher = {Wiley},
	Title = {Nonlinear Programming: Theory and Algorithms},
	Year = {2006}
}

@InProceedings{Meier:1965:Combined,
	Author = {Lewis Meier},
	BookTitle = {Annual Allerton Conference on Communication, Control, and Computing},
	Pages = {109--120},
	Title = {Combined Optimal Control and Estimation},
	Year = {1965}
}

@TechReport{Meier:1966:Combined,
	Author = {Lewis Meier},
	Institution = {NASA Ames Research Center},
	Title = {Combined Optimal Control and Estimation Theory},
	X-month = {apr},
	Year = {1966}
}

@Book{Mayr:1970:Origins,
	Author = {Otto Mayr},
	Publisher = {MIT Press},
	Title = {The Origins of Feedback Control},
	Year = {1970}
}

@Book{Ioannou.Sun:1996:Robust,
	Author = {PA Ioannou and J Sun},
	Publisher = {Prentice Hall},
	Title = {Robust Adaptive Control},
	Year = {1996}
}

@Book{Routledge:1900:Discoveries,
	Author = {R. Routledge},
	Edition = {13th},
	Publisher = {G. Routledge and Sons},
	Title = {Discoveries and Inventions of the Nineteenth Century},
	Year = {1900}
}

@Book{Adler:1981:Geometry,
	Author = {R. J. Adler},
	Publisher = {Wiley},
	Title = {The Geometry of Random Fields},
	Year = {1981}
}

@Article{Strassen:1969:Gaussian,
	Author = {Volker Strassen},
	Journal = {Numerische Mathematik},
	Number = {4},
	Pages = {354--356},
	Title = {Gaussian Elimination is Not Optimal},
	Volume = {13},
	X-doi = {10.1007/BF02165411},
	Year = {1969}
}

@Article{Wittenmark:1975:Active,
	Author = {B. Wittenmark},
	Journal = {Automatic Control Theory and Application},
	Pages = {13--19},
	Title = {An Active Suboptimal Dual Controller for Systems with Stochastic Parameters},
	Volume = {3},
	Year = {1975}
}

